<record><leader>00000cas a22000007a 4500</leader><controlfield tag="001">11639048</controlfield><controlfield tag="008">850130d18411849ohucr ne      0    0eng d</controlfield><controlfield tag="009">3783</controlfield><datafield ind1=" " ind2=" " tag="010"><subfield code="a">sn 84028874 </subfield></datafield><datafield ind1=" " ind2=" " tag="040"><subfield code="a">NPY</subfield><subfield code="b">eng</subfield><subfield code="c">NPY</subfield><subfield code="d">NPX</subfield><subfield code="d">DLC</subfield><subfield code="d">ONP</subfield><subfield code="d">OCLCQ</subfield></datafield><datafield ind1=" " ind2=" " tag="042"><subfield code="a">msc</subfield></datafield><datafield ind1="0" ind2="0" tag="050"><subfield code="a">Newspaper 9214-X</subfield></datafield><datafield ind1="0" ind2="0" tag="245"><subfield code="a">Dayton transcript.</subfield></datafield><datafield ind1="1" ind2="0" tag="246"><subfield code="a">Dayton transcript and Ashland Whig</subfield></datafield><datafield ind1=" " ind2=" " tag="260"><subfield code="a">Dayton, Ohio :</subfield><subfield code="b">Geo. C. M'Cune, and John Wilson,</subfield><subfield code="c">1841-</subfield></datafield><datafield ind1=" " ind2=" " tag="300"><subfield code="a">v. :</subfield><subfield code="b">ill. (chiefly advertisements) ;</subfield><subfield code="c">46-57 cm.</subfield></datafield><datafield ind1=" " ind2=" " tag="310"><subfield code="a">Semiweekly</subfield></datafield><datafield ind1="0" ind2=" " tag="362"><subfield code="a">Vol. 1, no. 3 (Jan. 14, 1841)-</subfield></datafield><datafield ind1="1" ind2=" " tag="362"><subfield code="a">Ceased in Sept. 1849?</subfield><subfield code="z">Cf. Gutgesell, S.  Guide to Ohio newspapers, 1974.</subfield></datafield><datafield ind1=" " ind2=" " tag="500"><subfield code="a">Published as: Dayton transcript and Ashland Whig, May 15-Nov. 2, 1844.</subfield></datafield><datafield ind1=" " ind2=" " tag="500"><subfield code="a">"Independent, 1841-1844; 1845-1849; Whig, 1844, 1849." Cf. Gutgesell, S. Guide to Ohio newspapers, 1974.</subfield></datafield><datafield ind1=" " ind2=" " tag="580"><subfield code="a">Also published in a weekly ed. called: Weekly transcript.</subfield></datafield><datafield ind1="1" ind2=" " tag="700"><subfield code="a">McCune, George C.</subfield></datafield><datafield ind1="1" ind2=" " tag="700"><subfield code="a">Wilson, John.</subfield></datafield><datafield ind1=" " ind2=" " tag="752"><subfield code="a">United States</subfield><subfield code="b">Ohio</subfield><subfield code="c">Montgomery</subfield><subfield code="d">Dayton.</subfield></datafield><datafield ind1="1" ind2=" " tag="775"><subfield code="t">Weekly transcript (Dayton, Ohio)</subfield></datafield><datafield ind1="0" ind2="0" tag="780"><subfield code="t">Daily transcript (Dayton, Ohio)</subfield><subfield code="w">(DLC)sn 85042560</subfield></datafield><datafield ind1="0" ind2="0" tag="785"><subfield code="t">Daily Dayton transcript</subfield><subfield code="w">(DLC)sn 84028875</subfield></datafield></record>